@article{alg,
  title={Group-theoretic Algorithms for Matrix Multiplication},
  author={Henry Cohn and Robert Kleinberg and Balazs Szegedy and Chris Umans},
  journal={Proceedings of the 46th Annual Symposium on Foundations of Computer Science},
  pages={379--388},
  year={2005},
  publisher={IEEE Computer Society,1730 Massachusetts Ave., NW Washington, DCUnited States}
}

@misc{c_lang,
	title="C language [Электронный ресурс]",
	howpublished="Режим доступа: \url{https://en.cppreference.com/w/c/language} (дата обращения: 07.10.2021)"
}

@misc{pthread,
	title="pthreads(7) - Linux manual page [Электронный ресурс]",
	howpublished="\url{https://man7.org/linux/man-pages/man7/pthreads.7.html} (дата обращения: 07.10.2021)"
}

@book{knut,
	author="Кнут Д.",
	title="Сортировка и поиск",
	edition=3,
	volume=3,
	series="Искусство программирования",
	publisher="-- М.: Вильямс",
	language="russian",
	year=2000
}

@inbook{kormen,
	author="Кормен Т. Лейзерсон Ч. Ривест Р. Штайн К.",
	title="Алгоритмы: построение и анализ.",
	publisher="-- М.: Вильямс",
	pages="1296",
	language="russian",
	year=2013
}

@misc{manjaro,
	title="Manjaro - enjoy the simplicity [Электронный ресурс]",
	howpublished="Режим доступа: \url{https://manjaro.org/} (дата обращения: 10.07.2021)"
}

@misc{linux,
	title="LINUX.ORG.RU -- Русская информация об ОС Linux [Электронный ресурс]",
	howpublished="Режим доступа: \url{https://www.linux.org.ru/} (дата обращения: 10.07.2021)"
}

@misc{i5,
	title="Процессор Intel® Core™ i5-8250U [Электронный ресурс]",
	howpublished="Режим доступа: \url{https://ark.intel.com/content/www/ru/ru/ark/products/124967/intel-core-i5-8250u-processor-6m-cache-up-to-3-40-ghz.html} (дата обращения: 10.07.2021)"
}
