@article{alg,
  title={Group-theoretic Algorithms for Matrix Multiplication},
  author={Henry Cohn and Robert Kleinberg and Balazs Szegedy and Chris Umans},
  journal={Proceedings of the 46th Annual Symposium on Foundations of Computer Science},
  pages={379--388},
  year={2005},
  publisher={IEEE Computer Society,1730 Massachusetts Ave., NW Washington, DCUnited States}
}

@book{alg1,
	author="Henry Cohn, Robert Kleinberg, Balazs Szegedy, and Chris Umans",
	title="Group-theoretic Algorithms for Matrix Multiplication",
	publisher="IEEE Computer Society",
	pages="379 -- 388",
	language="russian",
	year=2005
}

@book{knut,
	author="Кнут Д.",
	title="Сортировка и поиск",
	edition=3,
	volume=3,
	series="Искусство программирования",
	publisher="-- М.: Вильямс",
	language="russian",
	year=2000
}

@inbook{kormen,
	author="Кормен Т. Лейзерсон Ч. Ривест Р. Штайн К.",
	title="Алгоритмы: построение и анализ.",
	publisher="-- М.: Вильямс",
	pages="1296",
	language="russian",
	year=2013

}

@misc{golang,
	title="The Go Programming Language [Электронный ресурс]",
	howpublished="Режим доступа: \url{https://golang.org/} (дата обращения: 14.09.2021)"
}

@misc{gotest,
	title="testing -- The Go Programming Language [Электронный ресурс]",
	howpublished="Режим доступа: \url{https://golang.org/pkg/testing/} (дата обращения: 14.09.2021)"
}

@misc{ubuntu,
	title="Ubuntu: Enterprise Open Source and Linux [Электронный ресурс]",
	howpublished="Режим доступа: \url{https://ubuntu.com/} (дата обращения: 14.09.2021)"
}

@misc{linux,
	title="LINUX.ORG.RU -- Русская информация об ОС Linux [Электронный ресурс]",
	howpublished="Режим доступа: \url{https://www.linux.org.ru/} (дата обращения: 14.09.2021)"
}

@misc{i5,
	title="Процессор Intel® Core™ i5-8250U [Электронный ресурс]",
	howpublished="Режим доступа: \url{https://ark.intel.com/content/www/ru/ru/ark/products/124967/intel-core-i5-8250u-processor-6m-cache-up-to-3-40-ghz.html} (дата обращения: 14.09.2021)"
}
