@book{conveyer,
	author={Р.А. Волков, А.Н. Гнутов, В.К. Дьячков и др},
	title="Конвейеры. Справочник",
	publisher="Машиностроение, Ленинградское отделение",
	language="russian",
	year=1984
}

@misc{md5,
        title="rfc1321 - IETF Tools [Электронный ресурс]",
        howpublished="Режим доступа: \url{https://datatracker.ietf.org/doc/html/rfc1321} (дата обращения: 24.10.2021)"
}

@misc{golang,
        title="The Go Programming Language [Электронный ресурс]",
        howpublished="Режим доступа: \url{https://golang.org/} (дата обращения: 24.10.2021)"
}

@misc{gotest,
        title="testing -- The Go Programming Language [Электронный ресурс]",
        howpublished="Режим доступа: \url{https://golang.org/pkg/testing/} (дата обращения: 24.10.2021)"
}

@book{knut,
	author="Кнут Д.",
	title="Сортировка и поиск",
	edition=3,
	volume=3,
	series="Искусство программирования",
	publisher="-- М.: Вильямс",
	language="russian",
	year=2000
}

@inbook{kormen,
	author="Кормен Т. Лейзерсон Ч. Ривест Р. Штайн К.",
	title="Алгоритмы: построение и анализ.",
	publisher="-- М.: Вильямс",
	pages="1296",
	language="russian",
	year=2013
}

@misc{manjaro,
	title="Manjaro - enjoy the simplicity [Электронный ресурс]",
	howpublished="Режим доступа: \url{https://manjaro.org/} (дата обращения: 24.10.2021)"
}

@misc{linux,
	title="LINUX.ORG.RU -- Русская информация об ОС Linux [Электронный ресурс]",
	howpublished="Режим доступа: \url{https://www.linux.org.ru/} (дата обращения: 24.10.2021)"
}

@misc{i5,
	title="Процессор Intel® Core™ i5-8250U [Электронный ресурс]",
	howpublished="Режим доступа: \url{https://ark.intel.com/content/www/ru/ru/ark/products/124967/intel-core-i5-8250u-processor-6m-cache-up-to-3-40-ghz.html} (дата обращения: 24.10.2021)"
}
